@online{max-flow-problem,
	title = {Maximum-flow problem},
	date = {21/05/2017},
	url = {https://en.wikipedia.org/wiki/Maximum_flow_problem}
}
